% article comparing drop lines and drop shadows
% note: using Google Scholar BibTex since sciencedirect BibTex not handled right by bmc format
@article{hendrix1995relationship,
  title={Relationship between monocular and binocular depth cues for judgements of spatial information and spatial instrument design},
  author={Hendrix, Claudia and Barfield, Woodrow},
  journal={Displays},
  volume={16},
  number={3},
  pages={103--113},
  year={1995},
  publisher={Elsevier}
}

% Ware textbook
@book{Ware_book,
	author		= "Colin Ware",
	title			= "Information Visualization : Perception for Design",
	publisher		= "Elsevier, Inc.",
	address		= "225 Wyman St, Waltham, MA, 02451, USA",
	year			= "2013",
	edition		= "3rd"
}


%drop shadows tech report (maybe use?)
% problem - only uses them in 3D stereo environment, not 2D
% http://www.dtic.mil/cgi-bin/GetTRDoc?Location=U2&doc=GetTRDoc.pdf&AD=ADA386408
% accessed 2013/06/19
@techreport{Smallman_treport,
    author    = "Smallman, H. S. and Schiller, E. and Cowen, M. B.",
    title     = "Track Location Enhancements for Perspective View Displays",
    institution = "Space and Naval Warfare Systems Center San Diego CA",
    number   = "1847",
    year      = "2000",
    url = "http://www.dtic.mil/cgi-bin/GetTRDoc?Location=U2&doc=GetTRDoc.pdf&AD=ADA386408"
}

@techreport{PQP,
  title={Fast proximity queries with swept sphere volumes},
  author={Larsen, Eric and Gottschalk, Stefan and Lin, Ming C and Manocha, Dinesh},
  year={1999},
  institution={Technical Report TR99-018, Department of Computer Science, University of North Carolina}
}

@misc{oat2008efficient,
  title={Efficient spatial binning on the GPU},
  author={Oat, Christopher and Barczak, Joshua and Shopf, Jeremy},
  year={2008},
  publisher={SIGGRAPH Asia}
}

@inproceedings{tracy2009efficient,
  title={Efficient large-scale sweep and prune methods with AABB insertion and removal},
  author={Tracy, Daniel J and Buss, Samuel R and Woods, Bryan M},
  booktitle={Virtual Reality Conference, 2009. VR 2009. IEEE},
  pages={191--198},
  year={2009},
  organization={IEEE}
}

@article{lord2007fibrinogen,
  title={Fibrinogen and fibrin: scaffold proteins in hemostasis},
  author={Lord, Susan T},
  journal={Current opinion in hematology},
  volume={14},
  number={3},
  pages={236--241},
  year={2007},
  publisher={LWW}
}

@article{lordSubmitted,
  title={“Snapshots” and modeling of the early stages in fibrin polymerization.},
  author={Huang, L and Hsaio Ping-Lin and Taylor, Russell M II and Lord, Susan T},
  year={submitted},
  publisher={PNAS.}
}

@inbook{ taylorBookChapter,
author = {Taylor, Russell M II and Bloom, Kerry},
chapter = {Intersecting Art and Computer Graphics.},
crossref = {frankel2012visual}
}

@book{frankel2012visual,
  title={Visual Strategies: A Practical Puide to Graphics for Scientists and Engineers},
  author={Frankel, Felice and DePace, Angela H},
  year={2012},
  publisher={Yale University Press}
}

@book{VTKbook,
  title={The Visualization Toolkit},
  author={Schroeder, W},
  edition={3rd},
  publisher={Kitware, Inc},
  year={2003}
}

@article{pettersen2004ucsf,
  title={UCSF Chimera—a visualization system for exploratory research and analysis},
  author={Pettersen, Eric F and Goddard, Thomas D and Huang, Conrad C and Couch, Gregory S and Greenblatt, Daniel M and Meng, Elaine C and Ferrin, Thomas E},
  journal={Journal of computational chemistry},
  volume={25},
  number={13},
  pages={1605--1612},
  year={2004},
  publisher={Wiley Online Library}
}

@article{sabirmolecular,
  title={The Molecular Control Toolkit: Controlling 3D Molecular Graphics via Gesture and Voice},
  author={Sabir, Kenneth and Stolte, Christian and Tabor, Bruce and O’Donoghue, Se{\'a}n I},
  journal={Visualization and Computer Graphics, IEEE Transactions on},
  year={2013},
  publisher={IEEE}
}

@article{nickelspresentaball,
  title={PresentaBALL--a Powerful Package for Presentations and Lessons in Structural Biology},
  author={Nickels, Stefan and St{\"o}ckel, Daniel and Mueller, Sabine C and Lenhof, Hans-Peter and Hildebrandt, Andreas and Dehof, Anna Katharina},
  journal={Visualization and Computer Graphics, IEEE Transactions on},
  year={2013},
  publisher={IEEE}
}

@article{rungta2013manyvis,
  title={ManyVis: Multiple Applications in an Integrated Visualization Environment},
  author={Rungta, Atul and Summa, Brian and Demir, Dogan and Bremer, Peer-Timo and Pascucci, Valerio},
  journal={Visualization and Computer Graphics, IEEE Transactions on},
  volume={19},
  number={12},
  pages={2878--2885},
  year={2013},
  publisher={IEEE}
}

@article{erikson1998simplification,
  title={Simplification culling of static and dynamic scene graphs},
  author={Erikson, Carl and Manocha, Dinesh},
  journal={UNC-Chapel Hill Computer Science TR98-009},
  year={1998},
  publisher={Citeseer}
}

@inproceedings{cohen1998appearance,
  title={Appearance-preserving simplification},
  author={Cohen, Jonathan and Olano, Marc and Manocha, Dinesh},
  booktitle={Proceedings of the 25th annual conference on Computer graphics and interactive techniques},
  pages={115--122},
  year={1998},
  organization={ACM}
}

@inproceedings{aliaga1996visualization,
  title={Visualization of complex models using dynamic texture-based simplification},
  author={Aliaga, Daniel G},
  booktitle={Proceedings of the 7th conference on Visualization'96},
  pages={101--ff},
  year={1996},
  organization={IEEE Computer Society Press}
}

@inproceedings{maciel1995visual,
  title={Visual navigation of large environments using textured clusters},
  author={Maciel, Paulo WC and Shirley, Peter},
  booktitle={Proceedings of the 1995 symposium on Interactive 3D graphics},
  pages={95--ff},
  year={1995},
  organization={ACM}
}

@inproceedings{decoret2003billboard,
  title={Billboard clouds for extreme model simplification},
  author={D{\'e}coret, Xavier and Durand, Fr{\'e}do and Sillion, Fran{\c{c}}ois X and Dorsey, Julie},
  booktitle={ACM Transactions on Graphics (TOG)},
  volume={22},
  number={3},
  pages={689--696},
  year={2003},
  organization={ACM}
}

@inproceedings{taylor2001vrpn,
  title={VRPN: a device-independent, network-transparent VR peripheral system},
  author={Taylor II, Russell M and Hudson, Thomas C and Seeger, Adam and Weber, Hans and Juliano, Jeffrey and Helser, Aron T},
  booktitle={Proceedings of the ACM symposium on Virtual reality software and technology},
  pages={55--61},
  year={2001},
  organization={ACM}
}

@book{bowman20043d,
  title={3D user interfaces: theory and practice},
  author={Bowman, Doug A and Kruijff, Ernst and LaViola Jr, Joseph J and Poupyrev, Ivan},
  year={2004},
  publisher={Addison-Wesley}
}

% levels of detail based on distance to camera
@book{luebke2003level,
  title={Level of Detail for 3d Graphpics},
  author={Luebke, David P},
  year={2003},
  publisher={Morgan Kaufmann Pub}
}

@misc{flipbook2013,
   author = {Flipbook, Molecular},
   title = {Molecular Flipbook},
   howpublished = {\url{http://molecularviewbook.org/}},
   year = {2013}
}


@article{humphrey1996,
   author = {Humphrey, William and Dalke, Andrew and Schulten, Klaus},
   title = {VMD - Visual Molecular Dynamics},
   journal = {Journal of Molecular Graphics},
   volume = {14},
   pages = {33-38},
   year = {1996}
}

@misc{johnson2013,
   author = {Johnson, Graham},
   title = {Autofill Web Page},
   howpublished = {\url{http://www.grahamj.com/}},
   year = {2013}
}

@misc{molecularmaya,
   author = {Maya, Molecular},
   title = {Molecular Maya Web Page},
   howpublished = {\url{http://www.molecularmovies.com/toolkit/}},
   year = {2013}
}

@misc{pymol2013,
   author = {LLC, Schrödinger},
   title = {The PyMOL Molecular Graphics System},
   howpublished = {Computer Program, PyMOL version 1.5.0.4},
   year = {2013}
}

@misc{Quammen2008,
   author = {Quammen, C.W. and Richardson, A. and Haase, J. and Harrison, B. and Taylor II, R.M. and Bloom, K.S.},
   title = {FluoroSim: A Visual Problem Solving Environment for Fluorescence Microscopy},
   pages = {151-158},
   month = {Oct. 6-7},
   year = {2008}
}

@inbook{Taylor2012,
   author = {II, Russell M. Taylor and Bloom, Kerry},
   title = {Intersecting Art and Computer Graphics},
   booktitle = {Visual Strategies },
   editor = {Frankel, Felice and DePace, Angela H.},
   pages = {102-107},
   year = {2012}
}

@inproceedings{Arthur,
   author = {K. Arthur and T. Preston and R. Taylor and F. Brooks and M. Whitton and W. Wright},
   title = {Designing and Building the PIT: a Head-Tracked Stereo Workspace for Two Users},
   booktitle = {2nd International Immersive Projection Technology Workshop},
   editor = {Cruz-Neira, Carolina},
   pages = {11-12},

}

@inproceedings{Grant1998,
   author = {Grant, Brian and Helser, Aron and II, Russell M. Taylor},
   title = {Adding Force Display to a Stereoscopic Head-Tracked Projection Display},
   booktitle = {proceedings of VRAIS '98},
   pages = {81-88},

}

@article{Marshburn2005,
   author = {Marshburn, David and Weigle, Chris and Wilde, Benjamin G. and Desai, Kalpit and Fisher, J.K. and Cribb, Jeremy and O’Brien, E. Timothy and Superfine, R. and II, Russell M. Taylor},
   title = {The Software Interface to the 3D-Force Microscope},
   journal = {Proceedings of IEEE Visualization },
   pages = {455-462},
   year = {2005}
}

@inproceedings{Taylor1999,
   author = {Taylor II, R.M.},
   title = {Scientific Applications of Force Feedback:  Molecular Simulation and Microscope Control},
   booktitle = {SIGGRAPH '99},
   series = {Course Notes for "Haptics:  From Basic Principles to Advanced Applications"},

}

@inproceedings{Taylor1997,
   author = {Taylor II, Russell M. and Chen, Jun and Okimoto, Shoji and Llopis-Artime, Noel and Chi, Vernon L. and Frederick P. Brooks, Jr. and Falvo, Mike and Paulson, Scott and Thiansathaporn, Pichet and Glick, David and Washburn, Sean and Superfine, Richard},
   title = {Pearls Found on the way to the Ideal Interface for Scanned-probe Microscopes},
   booktitle = {Visualization '97},
   publisher = {IEEE Computer Society Press},
   pages = {467-470},

}

@inproceedings{Taylor1993,
   author = {Taylor II, Russell M. and Robinett, Warren and Chi, Vernon L. and Frederic P. Brooks, Jr. and Wright, William V. and Williams, R. Stanley and Snyder, Erik J.},
   title = {The Nanomanipulator: A Virtual-Reality Interface for a Scanning Tunneling Microscope},
   booktitle = {SIGGRAPH 93},
   publisher = {ACM SIGGRAPH},
   pages = {127-134},

}

@article{Leganchuk1998manual,
  title={Manual and cognitive benefits of two-handed input: an experimental study},
  author={Leganchuk, Andrea and Zhai, Shumin and Buxton, William},
  journal={ACM Transactions on Computer-Human Interaction (TOCHI)},
  volume={5},
  number={4},
  pages={326--359},
  year={1998},
  publisher={ACM},
  url={http://www.billbuxton.com/ToCHI2H.html}
}

@misc{Goodsell,
title={Molecular Machinery: A Tour of the Protein Data Bank},
author={Goodsell, David S. and Bamber, Gail W.},
howpublished = {\url{http://www.rcsb.org/pdb/static.do?p=general\_information/news\_pub lications/newsletters/2004q1/poster\_available.html
}},
note={Last accessed: 2014-3-15},
year={2004}
}

@inproceedings{Brooks,
  author = {Brooks, F.P.},
  title = {The computer scientist as toolsmith-Studies in interactive computer graphics},
  booktitle = {Information Processing 77, Proceedings of IFIP Congress 77},
  editor = {B. Gilchrist},
  publisher = {North-Holland},
  address = {Toronto},
  year = {1977},
  pages = {625-634},
}

@article{hornus2013easy,
  title={Easy DNA modeling and more with GraphiteLifeExplorer},
  author={Hornus, Samuel and L{\'e}vy, Bruno and Larivi{\`e}re, Damien and Fourmentin, Eric},
  journal={PloS one},
  volume={8},
  number={1},
  pages={e53609},
  year={2013},
  publisher={Public Library of Science}
}
