% article comparing drop lines and shadows
@article{Hendrix1995103,
title = "Relationship between monocular and binocular depth cues for judgements of spatial information and spatial instrument design ",
journal = "Displays ",
volume = "16",
number = "3",
pages = "103 - 113",
year = "1995",
note = "",
issn = "0141-9382",
doi = "http://dx.doi.org/10.1016/0141-9382(96)81210-8",
url = "http://www.sciencedirect.com/science/article/pii/0141938296812108",
author = "Claudia Hendrix and Woodrow Barfield",
keywords = "spatial displays",
keywords = "depth and altitude judgements "
}

% Ware textbook
@book{Ware_book,
	author		= "Colin Ware",
	title			= "Information Visualization : Perception for Design",
	publisher		= "Elsevier, Inc.",
	address		= "225 Wyman St, Waltham, MA, 02451, USA",
	year			= "2013",
	edition		= "3rd"
}

%drop shadows tech report (maybe use?)
% problem - only uses them in 3D stereo environment, not 2D
% http://www.dtic.mil/cgi-bin/GetTRDoc?Location=U2&doc=GetTRDoc.pdf&AD=ADA386408
% accessed 2013/06/19
@techreport{Smallman_treport,
    author    = "Smallman, H. S. and Schiller, E. and Cowen, M. B.",
    title     = "Track Location Enhancements for Perspective View Displays",
    institution = "Space and Naval Warfare Systems Center San Diego CA",
    number   = "1847",
    year      = "2000",
    url = "http://www.dtic.mil/cgi-bin/GetTRDoc?Location=U2&doc=GetTRDoc.pdf&AD=ADA386408"
}